@book{paa2007,
    author    = "Stefan Mangard and Elisabeth Oswald and Thomas Popp",
    title     = "Power Analysis Attacks",
    year      = "2007",
    publisher = "Springer US",
}
